@MISC{Babak2017,
  author =       {Babak A. Farshchian},
  title =        {Why and how to write the state-of-the-art.},
  howpublished = {online on 17/12/2017: https://blog.babak.no/en/2007/05/22/why-and-how-to-write-the-state-of-the-art/},
  year =         {2017},
  month =        {dec},
}
@MISC{CEU2017,
  author =       {Central European University},
  title =        {Latex cookbook},
  howpublished = {online on 17/12/2017: http://www.personal.ceu.hu/tex/cookbook.html},
  year =         {2017},
  month =        {dec},
}

@ARTICLE{Oliveira11wirelesssensor,
    author = {Luís M. L. Oliveira and Joel J. P. C. Rodrigues},
    title = {Wireless Sensor Networks: a Survey on Environmental Monitoring},
    journal = {Journal of Communications (JCM), Academy Publisher, Vol},
    year = {2011},
    pages = {143--151}
}

@INPROCEEDINGS{Lopes2011,
author={A. C. Lopes and G. Pires and L. Vaz and U. Nunes},
booktitle={2011 IEEE/RSJ International Conference on Intelligent Robots and Systems},
title={Wheelchair navigation assisted by Human-Machine shared-control and a P300-based Brain Computer Interface},
year={2011},
volume={},
number={},
pages={2438-2444},
keywords={brain-computer interfaces;control engineering computing;mobile robots;wheelchairs;ISR-UC;P300-based brain computer interface;Robchair;assistive mobile robots;brain-actuated commands;communication channel;context restrictions;discrete commands;human-machine interface;human-machine shared-control;motor skill;muscular activity;sparse commands;steering command;symbols per minute;two-layer shared-control approach;user competence;user-intent matching;virtual-constraint layer;wheelchair navigation;Laser modes;Markov processes;Mobile robots;Navigation;Prediction algorithms;Wheelchairs},
doi={10.1109/IROS.2011.6094748},
ISSN={2153-0858},
month={Sept},}

@MASTERSTHESIS{Ferreira2015,
  author =       {David Ferreira},
  title =        {Robô Rececionista},
  school =       {Escola Superior de Tecnologia do Instituto Politécnico de Tomar},
  year =         {2015},
  type =         {Master Thesis (in Portuguese)},
  address =      {},
  month =        {},
  note =         {},
  abstract =     {},
  keywords =     {},
  source =       {},
}

@TECHREPORT{Kitchenham2007,
  author =       {Barbara Kitchenham, Stuart Charters},
  title =        {Guidelines for performing Systematic Literature Reviews in Software Engineering },
  institution =  {University of Keele and University of Durham},
  year =         {2007},
  type =         {EBSE Technical Report },
  number =       {EBSE-2007-01 },
  address =      {},
  month =        {},
  note =         {},
  abstract =     {},
  keywords =     {},
  source =       {},
}


@MISC{LiteratureReview2017,
  author =       {University of North Carolina - The writing center},
  title =        {Literature Reviews},
  howpublished = {online on 17/12/2017: https://writingcenter.unc.edu/tips-and-tools/literature-reviews/},
  year =         {2017},
  month =        {dec},
  note =         {},
  abstract =     {},
  keywords =     {},
  source =       {},
}

@misc{Captemp_AST, 
	title={CapTemp AST}, 
	url={https://www.captemp.com/tecnologies.php},
	howpublished = {online on 21/02/2020: https://www.captemp.com/tecnologies.php},
	publisher={CapTemp}
 }
 
@misc{Digixbee,
 title={Digi XBee® 3 Cellular LTE-M/NB-IoT},
 url={https://www.digi.com/products/embedded-systems/digi-xbee/cellular-modems/xbee3-cellular-lte-m-nb-iot},
 howpublished = {online on 01/03/2020: https://www.digi.com/products/embedded-systems/digi-xbee/cellular-modems/xbee3-cellular-lte-m-nb-iot},
 journal={Digi XBee 3 Cellular LTE-M/NB-IoT | Digi International}}
 
@misc{micropython_lib, 
 title={MicroPython libraries},
 url={http://docs.micropython.org/en/latest/library/index.html#python-standard-libraries-and-micro-libraries},
 journal={MicroPython libraries - MicroPython 1.12 documentation},
 howpublished = {online on 07/03/2020: http://docs.micropython.org/en/latest/library/index.html\#python-standard-libraries-and-micro-libraries},
 publisher={MicroPython},
 year={2020},
 month={Mar}}
 

 
@misc{MicroPython,
 title={MicroPython},
 url={https://micropython.org/},
 howpublished = {online on 07/03/2020: https://micropython.org/},
 journal={Python for microcontrollers}
 }

@misc{lpwanoverview,
 title={Low Power Wide Area Networks: An Overview},
 author={Raza Usman & Kulkarni Parag & Sooriyabandara Mahesh},
 url={https://arxiv.org/pdf/1606.07360.pdf},
 howpublished = {online on 06/03/2020: https://arxiv.org/pdf/1606.07360.pdf},
 journal={IEEE Communications Surveys and Tutorials}, 
 year ={2017}
 }

@MASTERSTHESIS{masterthesisLPWAN,
 title={Low Power Wide Area Network (LPWAN) Technologies for Industrial IoT Applications},
 url={https://www.eit.lth.se/sprapport.php?uid=1134},
 howpublished = {online on 06/03/2020: https://www.eit.lth.se/sprapport.php?uid=1134},
 author={Nikolaos Tsavalos & Ahmad Abu Hashem},
 year =         {2018},
 month =        {June},
 school =       {DEPARTMENT OF ELECTRICAL AND INFORMATION TECHNOLOGY FACULTY OF ENGINEERING | LTH | LUND UNIVERSITY},
 type =         {Master Thesis (in English)}
 }
@misc{u_2017,
title={Narrowband IoT (NB-IoT)},
url={https://www.u-blox.com/en/narrowband-iot-nb-iot},
howpublished = {online on 06/03/2020: https://www.u-blox.com/en/narrowband-iot-nb-iot},
journal={u},
year={2017},
month={Oct}}

@misc{ruuvi,
title={Ruuvi Beacons},
url={https://ruuvi.com/},
howpublished = {online on 27/02/2020: https://ruuvi.com/},
}

@misc{ruuviappgithub,
title={Ruuvi Android App GitHub},
url={https://github.com/ruuvi/com.ruuvi.station},
howpublished = {online on 15/02/2020: https://github.com/ruuvi/com.ruuvi.station},
}

@misc{blepacket,
author={Texas Instruments},
title={Bluetooth® low energy Beacons},
url={https://www.ti.com/lit/an/swra475a/swra475a.pdf},
howpublished = {online on 02/03/2020: https://www.ti.com/lit/an/swra475a/swra475a.pdf},
pages={4},
year={2016},
month={Oct}
}

}